@online{site:statista,
    title   = {Statista - number of video gamers worldwide in 2021},
    url     = {https://www.statista.com/statistics/293304/number-video-gamers/},
	addendum = "(accessed on: 24.08.2021)"
}

@online{site:firstsportz,

	title   = {Top 10 Most Popular Online Games In 2021},
	url		= {https://firstsportz.com/top-10-most-popular-online-games-in-2021/},
	addendum = "(accessed on: 27.08.2021)"
}

@INPROCEEDINGS{10.1007/978-3-030-62974-8_22,
author={Conti, Mauro
and Tricomi, Pier Paolo},
editor={Susilo, Willy
and Deng, Robert H.
and Guo, Fuchun
and Li, Yannan
and Intan, Rolly},
title={PvP: Profiling Versus Player! Exploiting Gaming Data for Player Recognition},
booktitle={Information Security},
year={2020},
publisher={Springer International Publishing},
address={Cham},
pages={393--408},
isbn={978-3-030-62974-8}
}

@INPROCEEDINGS{2005331,
author = {Mark Griffiths},
booktitle = {},
title = {Video games and health},
year = {2005},
volume = {},
pages = {},
doi = {https://doi.org/10.1136/bmj.331.7509.122}
}

@INPROCEEDINGS{14n205,
author = {Kurt Squire},
booktitle = {},
title = {Video Games in Education},
year = {},
volume = {},
pages = {},
doi = {10.1.1.543.5729}
}

@INPROCEEDINGS{10.1177/1555412008317309,
author = {James Paul Gee},
title ={Video Games and Embodiment},
journal = {Games and Culture},
volume = {3},
number = {3-4},
pages = {253-263},
year = {2008},
doi = {10.1177/1555412008317309}
}

@INPROCEEDINGS{1555412008317309,
author = {Aaron Smuts},
title ={Are video games art?},
journal = {Contemporary Aesthetics},
volume = {3},
number = {},
pages = {},
year = {2005},
url = {https://digitalcommons.risd.edu/liberalarts_contempaesthetics/vol3/iss1/6/}
}

@INPROCEEDINGS{10.1177/155541200831730,
author = {Filiz Öztütüncü Doğan},
title ={Video Games and Children: Violence in Video Games},
journal = {New/Yeni Symposium Journal},
volume = {},
number = {},
pages = {},
year = {2006},
url={},
doi = {}
}

@INPROCEEDINGS{10.1037/ppm0000030,
author = {Markey P. M., Markey C. N. & French, J. E.},
booktitle ={Psychology of Popular Media Culture},
title = {Violent video games and real-world violence: Rhetoric versus data},
volume = {},
number = {},
pages = {277-295},
year = {2015},
doi = {https://doi.org/10.1037/ppm0000030}
}


@INPROCEEDINGS{10.1177/1745691619863807,
author = {Yemaya J. Halbrook and Aisling T. O’Donnell and Rachel M. Msetfi},
title ={When and How Video Games Can Be Good: A Review of the Positive Effects of Video Games on Well-Being},
journal = {Perspectives on Psychological Science},
volume = {14},
number = {6},
pages = {1096-1104},
year = {2019},
doi = {10.1177/1745691619863807}
}

@INPROCEEDINGS{7377220,

  author={Yamamoto, Kei'Ichiro and McArthur, Victoria},
  booktitle={2015 IEEE Games Entertainment Media Conference (GEM)}, 
  title={Digital economies and trading in counter strike global offensive: How virtual items are valued to real world currencies in an online barter-free market}, 
  year={2015},
  volume={},
  number={},
  pages={1-6},
  doi={10.1109/GEM.2015.7377220}
}


@INPROCEEDINGS{8605213,
  author={Rizani, M. Nazhif and Iida, Hiroyuki},
  booktitle={2018 International Conference on Electrical Engineering and Computer Science (ICECOS)}, 
  title={Analysis of Counter-Strike: Global Offensive}, 
  year={2018},
  volume={},
  number={},
  pages={373-378},
  doi={10.1109/ICECOS.2018.8605213}
}

@INPROCEEDINGS{1604-7982,
author = {Matilda Ståhl, Fredrik Rusk},
title ={Player customization, competence and team discourse: exploring player identity (co)construction in Counter-Strike: Global Offensive},
journal = {Game Studies},
volume = {20},
issue = {4},
pages = {},
year = {2020},
url={http://gamestudies.org/2004/articles/stahl_rusk},
addendum = {ISSN:1604-7982}
}

@INPROCEEDINGS{8834521,
  author={Sasmoko and Harsono, Jason and Udjaja, Yogi and Indrianti, Yasinta and Moniaga, Jurike},
  booktitle={2019 International Conference of Artificial Intelligence and Information Technology (ICAIIT)}, 
  title={The Effect of Game Experience from Counter-Strike: Global Offensive}, 
  year={2019},
  volume={},
  number={},
  pages={374-378},
  doi={10.1109/ICAIIT.2019.8834521}
}

@INPROCEEDINGS{2729533,
  author={Rusk, F. & Ståhl, M.},
  booktitle={Social Interaction - Video-Based Studies of Human Sociality}, 
  title={A CA perspective on kills and deaths in Counter-Strike: Global Offensive video game play.}, 
  year={2020},
  volume={},
  number={},
  pages={},
  doi={10.7146/si.v3i2.117066}
}
@INPROCEEDINGS{9378154,
  author={Xenopoulos, Peter and Doraiswamy, Harish and Silva, Claudio},
  booktitle={2020 IEEE International Conference on Big Data (Big Data)}, 
  title={Valuing Player Actions in Counter-Strike: Global Offensive}, 
  year={2020},
  volume={},
  number={},
  pages={1283-1292},
  doi={10.1109/BigData50022.2020.9378154}
}


@INPROCEEDINGS{10.1007/978-3-319-73013-4_17,
author={Makarov, Ilya
and Savostyanov, Dmitry
and Litvyakov, Boris
and Ignatov, Dmitry I.},
editor={van der Aalst, Wil M.P.
and Ignatov, Dmitry I.
and Khachay, Michael
and Kuznetsov, Sergei O.
and Lempitsky, Victor
and Lomazova, Irina A.
and Loukachevitch, Natalia
and Napoli, Amedeo
and Panchenko, Alexander
and Pardalos, Panos M.
and Savchenko, Andrey V.
and Wasserman, Stanley},
title={Predicting Winning Team and Probabilistic Ratings in ``Dota 2'' and ``Counter-Strike: Global Offensive'' Video Games},
booktitle={Analysis of Images, Social Networks and Texts},
year={2018},
publisher={Springer International Publishing},
address={Cham},
pages={183--196},
isbn={978-3-319-73013-4}
}

@INPROCEEDINGS{8767295,
  author={Smerdov, Anton and Kiskun, Anastasia and Shaniiazov, Rostislav and Somov, Andrey and Burnaev, Evgeny},
  booktitle={2019 IEEE 5th World Forum on Internet of Things (WF-IoT)}, 
  title={Understanding Cyber Athletes Behaviour Through a Smart Chair: CS:GO and Monolith Team Scenario}, 
  year={2019},
  volume={},
  number={},
  pages={973-978},
  doi={10.1109/WF-IoT.2019.8767295}
}

@online{site:activePlayerLOL,

	title   = {LOL Active Players},
	url		= {https://activeplayer.io/league-of-legends/},
	addendum = "(accessed on: 27.08.2021)"
}

@online{site:activePlayerFortnite,

	title   = {Fortnite Active Players},
	url		= {https://activeplayer.io/fortnite/},
	addendum = "(accessed on: 27.08.2021)"
}

@online{site:activePlayersCSGO,

	title   = {CS:GO Active Players},
	url		= {https://activeplayer.io/counter-strike-global-offensive/},
	addendum = "(accessed on: 27.08.2021)"
}

@online{site:activePlayersDota,

	title   = {DOTA 2 Active Players},
	url		= {https://activeplayer.io/dota-2/},
	addendum = "(accessed on: 27.08.2021)"
}

@online{site:activePlayerMinecraft,

	title   = {Minecraft Active Players},
	url		= {https://activeplayer.io/minecraft/},
	addendum = "(accessed on: 27.08.2021)"
}

@online{site:activePlayerPUBG,

	title   = {PUBG Active Players},
	url		= {https://activeplayer.io/pubg/},
	addendum = "(accessed on: 27.08.2021)"
}

@online{site:wiki,

	title   = {Block (Internet)},
	url		= {https://en.wikipedia.org/wiki/Block_(Internet)},
	addendum = "(accessed on: 31.08.2021)"
}

